@mastersthesis{adeblire2013,
  author      = {Antoine Deblire},
  title       = {Segmentation et classification automatiques de cytoponctions de la thyro√Øde.},
  year        = {2013},
  pages       = {74},
  language    = {fr},
  institution = {Universit{\'e} de Li{\`e}ge, Li{\`e}ge, Belgique}
}

@Article{vanderwalt:2011,
  Author         = {Van der Walt, S. and Colbert, S. C. and Varoquaux, G.},
  Title          = {The {NumPy} array: a structure for efficient numerical
                   computation},
  Journal        = {CiSE},
  Volume         = {13},
  Number         = {2},
  Pages          = {22--30},
  year           = 2011
}

@Article{pedregosa:2011,
  Author         = {Pedregosa, Fabian and Varoquaux, Ga{\"e}l and
                   Gramfort, Alexandre and Michel, Vincent and Thirion,
                   Bertrand and Grisel, Olivier and Blondel, Mathieu and
                   Prettenhofer, Peter and Weiss, Ron and Dubourg, Vincent
                   and others},
  Title          = {Scikit-learn: Machine learning in Python},
  Journal        = {The Journal of Machine Learning Research},
  Volume         = {12},
  Pages          = {2825--2830},
  publisher      = {JMLR. org},
  url            = {http://scikit-learn.org},
  year           = 2011
}

@Article{oliphant:2007,
  Author         = {Oliphant, Travis E},
  Title          = {Python for scientific computing},
  Journal        = {CiSE},
  Volume         = {9},
  Number         = {3},
  Pages          = {10--20},
  publisher      = {IEEE},
  year           = 2007
}

@article{scikit-image,
 title = {scikit-image: image processing in {P}ython},
 author = {van der Walt, {S}t\'efan and {S}ch\"onberger, {J}ohannes {L}. and
           {Nunez-Iglesias}, {J}uan and {B}oulogne, {F}ran\c{c}ois and {W}arner,
           {J}oshua {D}. and {Y}ager, {N}eil and {G}ouillart, {E}mmanuelle and
           {Y}u, {T}ony and the scikit-image contributors},
 year = {2014},
 month = {6},
 keywords = {Image processing, Reproducible research, Education,
             Visualization, Open source, Python, Scientific programming},
 volume = {2},
 pages = {e453},
 journal = {PeerJ},
 issn = {2167-8359},
 url = {http://dx.doi.org/10.7717/peerj.453},
 doi = {10.7717/peerj.453}
}

@article{opencv_library, 
    author = {Bradski, G.}, 
    title = {The OpenCV Library}, 
    citeulike-article-id = {2236121}, 
    journal = {Dr. Dobb's Journal of Software Tools}, 
    keywords = {bibtex-import}, 
    posted-at = {2008-01-15 19:21:54}, 
    priority = {4}, 
    year = {2000}
} 

@misc{pillow,
  author = {Clark, Alex},
  title = {Pillow (version 3.2.x)},
  year  = {2016},
  url   = {https://github.com/python-pillow/Pillow/tree/3.2.x}
}

@manual{shapely,
  author = {Gillies, Sean},
  title = {Shapely User Manual (version 1.2 and 1.3)},
  year  = {2013},
  month = {12},
  day   = {31},
  url   = {https://pypi.python.org/pypi/Shapely}
}

@article{bomeli2010evaluation,
  title={Evaluation of a thyroid nodule},
  author={Bomeli, Steven R and LeBeau, Shane O and Ferris, Robert L},
  journal={Otolaryngologic clinics of North America},
  volume={43},
  number={2},
  pages={229--238},
  year={2010},
  publisher={Elsevier}
}

@online{collins-cytology,
  author = {Collins English Dictionnary},
  title = {Definition of 'cytology'},
  year = 2016,
  url = {http://www.collinsdictionary.com/dictionary/english/cytology},
  urldate = {2016-05-21}
}

@article{ruifrok2001quantification,
  title={Quantification of histochemical staining by color deconvolution.},
  author={Ruifrok, Arnout C and Johnston, Dennis A},
  journal={Analytical and quantitative cytology and histology/the International Academy of Cytology [and] American Society of Cytology},
  volume={23},
  number={4},
  pages={291--299},
  year={2001}
}

@article{maree2016collaborative,
  title={Collaborative analysis of multi-gigapixel imaging data using Cytomine},
  author={Mar{\'e}e, Rapha{\"e}l and Rollus, Lo{\"\i}c and St{\'e}vens, Benjamin and Hoyoux, Renaud and Louppe, Gilles and Vandaele, R{\'e}my and Begon, Jean-Michel and Kainz, Philipp and Geurts, Pierre and Wehenkel, Louis},
  journal={Bioinformatics},
  pages={btw013},
  year={2016},
  publisher={Oxford University Press}
}
